@inproceedings{Wilson:1992:UGC:645648.664824,
 author = {Wilson, Paul R.},
 title = {Uniprocessor Garbage Collection Techniques},
 booktitle = {Proceedings of the International Workshop on Memory Management},
 series = {IWMM '92},
 year = {1992},
 isbn = {3-540-55940-X},
 pages = {1--42},
 numpages = {42},
 url = {http://dl.acm.org/citation.cfm?id=645648.664824},
 acmid = {664824},
 publisher = {Springer-Verlag},
 address = {London, UK, UK},
}