@book{Sedgewick:1996:IAA:227351,
 author = {Sedgewick, Robert and Flajolet, Philippe},
 title = {An introduction to the analysis of algorithms},
 year = {1996},
 isbn = {0-201-40009-X},
 publisher = {Addison-Wesley Longman Publishing Co., Inc.},
 address = {Boston, MA, USA},
} 


@book{McConnell:2007:AA:1374801,
 author = {McConnell, Jeffrey J.},
 title = {Analysis of Algorithms},
 year = {2007},
 isbn = {9780763707828},
 edition = {2},
 publisher = {Jones and Bartlett Publishers, Inc.},
 address = {USA},
} 


@article{Sleator:1985:SBS:3828.3835,
 author = {Sleator, Daniel Dominic and Tarjan, Robert Endre},
 title = {Self-adjusting binary search trees},
 journal = {J. ACM},
 issue_date = {July 1985},
 volume = {32},
 number = {3},
 month = jul,
 year = {1985},
 issn = {0004-5411},
 pages = {652--686},
 numpages = {35},
 url = {http://doi.acm.org/10.1145/3828.3835},
 doi = {10.1145/3828.3835},
 acmid = {3835},
 publisher = {ACM},
 address = {New York, NY, USA},
} 

@incollection{Bayer:2002:BDP:944331.944346,
 author = {Bayer, Rudolf},
 chapter = {B-trees and databases, past and future},
 title = {Software pioneers},
 editor = {Broy, Manfred and Denert, Ernst},
 year = {2002},
 isbn = {3-540-43081-4},
 pages = {232--244},
 numpages = {13},
 url = {http://dl.acm.org/citation.cfm?id=944331.944346},
 acmid = {944346},
 publisher = {Springer-Verlag New York, Inc.},
 address = {New York, NY, USA},
} 

@article{Adelson-Velskii_Landis_1962, 
  title = {An algorithm for the organization of information}, 
  volume = {3}, 
  url = {http://en.scientificcommons.org/19884302}, 
  number = {2}, 
  journal = {Soviet Mathematics Doklady}, 
  publisher = {JOINT PUBLICATIONS RESEARCH SERVICE WASHINGTON DC}, 
  author = {Adelson-Velskii, G M and Landis, E M}, 
  year={1962}, 
  pages={263--266}
}
                  
@article{Tan:1972:FIS:361573.361588,
 author = {Tan, K. C.},
 title = {On Foster's information storage and retrieval using AVL trees},
 journal = {Commun. ACM},
 issue_date = {Sept. 1972},
 volume = {15},
 number = {9},
 month = sep,
 year = {1972},
 issn = {0001-0782},
 pages = {843--},
 url = {http://doi.acm.org/10.1145/361573.361588},
 doi = {10.1145/361573.361588},
 acmid = {361588},
 publisher = {ACM},
 address = {New York, NY, USA},
 keywords = {binary trees, information retrieval, information storage, search trees},
} 

@inproceedings{Wilson:1992:UGC:645648.664824,
 author = {Wilson, Paul R.},
 title = {Uniprocessor Garbage Collection Techniques},
 booktitle = {Proceedings of the International Workshop on Memory Management},
 series = {IWMM '92},
 year = {1992},
 isbn = {3-540-55940-X},
 pages = {1--42},
 numpages = {42},
 url = {http://dl.acm.org/citation.cfm?id=645648.664824},
 acmid = {664824},
 publisher = {Springer-Verlag},
 address = {London, UK, UK},
} 

@book{Jones:2011:GCH:2025255,
 author = {Jones, Richard and Hosking, Antony and Moss, Eliot},
 title = {The Garbage Collection Handbook: The Art of Automatic Memory Management},
 year = {2011},
 isbn = {1420082795, 9781420082791},
 edition = {1st},
 publisher = {Chapman \& Hall/CRC},
} 

@article{Andersson:1999:GBT:308088.308094,
 author = {Andersson, Arne},
 title = {General balanced trees},
 journal = {J. Algorithms},
 issue_date = {Jan. 1999},
 volume = {30},
 number = {1},
 month = jan,
 year = {1999},
 issn = {0196-6774},
 pages = {1--18},
 numpages = {18},
 url = {http://dx.doi.org/10.1006/jagm.1998.0967},
 doi = {10.1006/jagm.1998.0967},
 acmid = {308094},
 publisher = {Academic Press, Inc.},
 address = {Duluth, MN, USA},
} 

@article{Stout:1986:TRO:6592.6599,
 author = {Stout, Q. F and Warren, B. L},
 title = {Tree rebalancing in optimal time and space},
 journal = {Commun. ACM},
 issue_date = {Sept. 1986},
 volume = {29},
 number = {9},
 month = sep,
 year = {1986},
 issn = {0001-0782},
 pages = {902--908},
 numpages = {7},
 url = {http://doi.acm.org/10.1145/6592.6599},
 doi = {10.1145/6592.6599},
 acmid = {6599},
 publisher = {ACM},
 address = {New York, NY, USA},
} 

@article{Waters:1992:UNC:1039991.1039996,
 author = {Waters, Richard C.},
 title = {Using the new common Lisp pretty printer},
 journal = {SIGPLAN Lisp Pointers},
 issue_date = {April-June 1992},
 volume = {V},
 number = {2},
 month = apr,
 year = {1992},
 issn = {1045-3563},
 pages = {27--34},
 numpages = {8},
 url = {http://doi.acm.org/10.1145/1039991.1039996},
 doi = {10.1145/1039991.1039996},
 acmid = {1039996},
 publisher = {ACM},
 address = {New York, NY, USA},
} 

@INPROCEEDINGS{Waters89xp:a,
    author = {Richard C. Waters},
    title = {XP: A Common Lisp Pretty Printing System},
    booktitle = {A.I. Memo 1102a, MIT Artificial Intelligence Laboratory},
    year = {1989}
}
