@book{Muchnick:1998:ACD:286076,
 author = {Muchnick, Steven S.},
 title = {Advanced compiler design and implementation},
 year = {1997},
 isbn = {1-55860-320-4},
 publisher = {Morgan Kaufmann Publishers Inc.},
 address = {San Francisco, CA, USA},
}

@book{ansi:common:lisp,
  author = {},
  title = {INCITS 226-1994[S2008] Information Technology, Programming Language, Common Lisp},
  publisher = {American National Standards Institute},
  year = {1994},
}

@article{Baker:1990:EIB:121989.121991,
 author = {Baker, Henry G.},
 title = {Efficient Implementation of Bit-vector Operation in Common Lisp},
 journal = {SIGPLAN Lisp Pointers},
 issue_date = {April-June 1990},
 volume = {III},
 number = {2-4},
 month = apr,
 year = {1990},
 issn = {1045-3563},
 pages = {8--22},
 numpages = {15},
 url = {http://doi.acm.org/10.1145/121989.121991},
 doi = {10.1145/121989.121991},
 acmid = {121991},
 publisher = {ACM},
 address = {New York, NY, USA},
}

@inproceedings{Ayers:1997:AI:258915.258928,
 author = {Ayers, Andrew and Schooler, Richard and Gottlieb, Robert},
 title = {Aggressive Inlining},
 booktitle = {Proceedings of the ACM SIGPLAN 1997 Conference on Programming Language Design and Implementation},
 series = {PLDI '97},
 year = {1997},
 isbn = {0-89791-907-6},
 location = {Las Vegas, Nevada, USA},
 pages = {134--145},
 numpages = {12},
 url = {http://doi.acm.org/10.1145/258915.258928},
 doi = {10.1145/258915.258928},
 acmid = {258928},
 publisher = {ACM},
 address = {New York, NY, USA},
}

@article{Ayers:1997:AI:258916.258928,
 author = {Ayers, Andrew and Schooler, Richard and Gottlieb, Robert},
 title = {Aggressive Inlining},
 journal = {SIGPLAN Not.},
 issue_date = {May 1997},
 volume = {32},
 number = {5},
 month = may,
 year = {1997},
 issn = {0362-1340},
 pages = {134--145},
 numpages = {12},
 url = {http://doi.acm.org/10.1145/258916.258928},
 doi = {10.1145/258916.258928},
 acmid = {258928},
 publisher = {ACM},
 address = {New York, NY, USA},
}

@article{Scheifler:1977:AIS:359810.359830,
 author = {Scheifler, Robert W.},
 title = {An Analysis of Inline Substitution for a Structured Programming Language},
 journal = {Commun. ACM},
 issue_date = {Sept. 1977},
 volume = {20},
 number = {9},
 month = sep,
 year = {1977},
 issn = {0001-0782},
 pages = {647--654},
 numpages = {8},
 url = {http://doi.acm.org/10.1145/359810.359830},
 doi = {10.1145/359810.359830},
 acmid = {359830},
 publisher = {ACM},
 address = {New York, NY, USA},
 keywords = {compilers, inline substitution, open coding, open compilation, program optimization, run-time statistics, structured programming languages},
}