@inproceedings{Kiczales:1990:EMD:91556.91600,
 author = {Kiczales, Gregor and Rodriguez, Luis},
 title = {Efficient Method Dispatch in PCL},
 booktitle = {Proceedings of the 1990 ACM Conference on LISP and Functional Programming},
 series = {LFP '90},
 year = {1990},
 isbn = {0-89791-368-X},
 location = {Nice, France},
 pages = {99--105},
 numpages = {7},
 url = {http://doi.acm.org/10.1145/91556.91600},
 doi = {10.1145/91556.91600},
 acmid = {91600},
 publisher = {ACM},
 address = {New York, NY, USA},
}

@inproceedings{Holzle:1994:ODC:178243.178478,
 author = {H\"{o}lzle, Urs and Ungar, David},
 title = {Optimizing Dynamically-dispatched Calls with Run-time Type Feedback},
 booktitle = {Proceedings of the ACM SIGPLAN 1994 Conference on Programming Language Design and Implementation},
 series = {PLDI '94},
 year = {1994},
 isbn = {0-89791-662-X},
 location = {Orlando, Florida, USA},
 pages = {326--336},
 numpages = {11},
 url = {http://doi.acm.org/10.1145/178243.178478},
 doi = {10.1145/178243.178478},
 acmid = {178478},
 publisher = {ACM},
 address = {New York, NY, USA},
}
