@inproceedings{Mueller:1995:ACB:207110.207116,
 author = {Mueller, Frank and Whalley, David B.},
 title = {Avoiding Conditional Branches by Code Replication},
 booktitle = {Proceedings of the ACM SIGPLAN 1995 Conference on Programming Language Design and Implementation},
 series = {PLDI '95},
 year = {1995},
 isbn = {0-89791-697-2},
 location = {La Jolla, California, USA},
 pages = {56--66},
 numpages = {11},
 url = {http://doi.acm.org/10.1145/207110.207116},
 doi = {10.1145/207110.207116},
 acmid = {207116},
 publisher = {ACM},
 address = {New York, NY, USA},
}

@inproceedings{Cytron:1989:EMC:75277.75280,
 author = {Cytron, R. and Ferrante, J. and Rosen, B. K. and Wegman, M. N. and Zadeck, F. K.},
 title = {An Efficient Method of Computing Static Single Assignment Form},
 booktitle = {Proceedings of the 16th ACM SIGPLAN-SIGACT Symposium on Principles of Programming Languages},
 series = {POPL '89},
 year = {1989},
 isbn = {0-89791-294-2},
 location = {Austin, Texas, USA},
 pages = {25--35},
 numpages = {11},
 url = {http://doi.acm.org/10.1145/75277.75280},
 doi = {10.1145/75277.75280},
 acmid = {75280},
 publisher = {ACM},
 address = {New York, NY, USA},
}

@article{Cytron:1991:ECS:115372.115320,
 author = {Cytron, Ron and Ferrante, Jeanne and Rosen, Barry K. and Wegman, Mark N. and Zadeck, F. Kenneth},
 title = {Efficiently Computing Static Single Assignment Form and the Control Dependence Graph},
 journal = {ACM Trans. Program. Lang. Syst.},
 issue_date = {Oct. 1991},
 volume = {13},
 number = {4},
 month = oct,
 year = {1991},
 issn = {0164-0925},
 pages = {451--490},
 numpages = {40},
 url = {http://doi.acm.org/10.1145/115372.115320},
 doi = {10.1145/115372.115320},
 acmid = {115320},
 publisher = {ACM},
 address = {New York, NY, USA},
 keywords = {control dependence, control flow graph, def-use chain, dominator, optimizing compilers},
}
