@book{Kiczales:1991:AMP:574212,
 author = {Kiczales, Gregor and Rivieres, Jim Des},
 title = {The  Art of the Metaobject Protocol},
 year = {1991},
 isbn = {0262111586},
 publisher = {MIT Press},
 address = {Cambridge, MA, USA},
} 

@article{Bobrow:1986:CML:960112.28700,
 author = {Bobrow, Daniel G. and Kahn, Kenneth and Kiczales, Gregor and Masinter, Larry and Stefik, Mark and Zdybel, Frank},
 title = {CommonLoops: Merging Lisp and Object-oriented Programming},
 journal = {SIGPLAN Not.},
 issue_date = {Nov. 1986},
 volume = {21},
 number = {11},
 month = jun,
 year = {1986},
 issn = {0362-1340},
 pages = {17--29},
 numpages = {13},
 url = {http://doi.acm.org/10.1145/960112.28700},
 doi = {10.1145/960112.28700},
 acmid = {28700},
 publisher = {ACM},
 address = {New York, NY, USA},
}

@inproceedings{Bobrow:1986:CML:28697.28700,
 author = {Bobrow, Daniel G. and Kahn, Kenneth and Kiczales, Gregor and Masinter, Larry and Stefik, Mark and Zdybel, Frank},
 title = {CommonLoops: Merging Lisp and Object-oriented Programming},
 booktitle = {Conference Proceedings on Object-oriented Programming Systems, Languages and Applications},
 series = {OOPLSA '86},
 year = {1986},
 isbn = {0-89791-204-7},
 location = {Portland, Oregon, USA},
 pages = {17--29},
 numpages = {13},
 url = {http://doi.acm.org/10.1145/28697.28700},
 doi = {10.1145/28697.28700},
 acmid = {28700},
 publisher = {ACM},
 address = {New York, NY, USA},
}